
@article{duflo2011,
	title = {Peer Effects, Teacher Incentives, and the Impact of Tracking: Evidence from a Randomized Evaluation in Kenya},
	author = {Duflo, Esther and Dupas, Pascaline and Kremer, Michael},
	year = {2011},
	month = {08},
	date = {2011-08-01},
	journal = {American Economic Review},
	pages = {1739--1774},
	volume = {101},
	number = {5},
	doi = {10.1257/aer.101.5.1739},
	url = {https://pubs.aeaweb.org/doi/10.1257/aer.101.5.1739},
	langid = {en}
}

@book{sutton2018,
	title = {Reinforcement learning: an introduction},
	author = {Sutton, Richard S. and Barto, Andrew G.},
	year = {2018},
	date = {2018},
	publisher = {The MIT Press},
	series = {Adaptive computation and machine learning series},
	edition = {Second edition},
	address = {Cambridge, Massachusetts},
	langid = {en}
}

@article{hedges1994,
	title = {An Exchange: Part I: Does Money Matter? A Meta-Analysis of Studies of the Effects of Differential School Inputs on Student Outcomes},
	author = {Hedges, Larry V. and Laine, Richard D. and Greenwald, Rob},
	year = {1994},
	month = {04},
	date = {1994-04},
	journal = {Educational Researcher},
	pages = {5},
	volume = {23},
	number = {3},
	doi = {10.2307/1177220},
	url = {http://links.jstor.org/sici?sici=0013-189X%28199404%2923%3A3%3C5%3AAEPIDM%3E2.0.CO%3B2-U&origin=crossref}
}

@book{howard1960,
	title = {Dynamic programming and Markov processes},
	author = {Howard, Ronald A.},
	year = {1960},
	date = {1960},
	publisher = {Technology Press of Massachusetts Institute of Technology},
	address = {Cambridge}
}

@article{atkinson1972,
	title = {Optimizing the learning of a second-language vocabulary},
	author = {Atkinson, Richard C.},
	year = {1972},
	date = {1972},
	journal = {Journal of Experimental Psychology},
	pages = {124--129},
	volume = {96},
	number = {1},
	doi = {10.1037/h0033475},
	note = {Place: US
Publisher: American Psychological Association}
}

@article{doroudi2019,
	title = {Where{\textquoteright}s the Reward?: A Review of Reinforcement Learning for Instructional Sequencing},
	author = {Doroudi, Shayan and Aleven, Vincent and Brunskill, Emma},
	year = {2019},
	month = {12},
	date = {2019-12},
	journal = {International Journal of Artificial Intelligence in Education},
	pages = {568--620},
	volume = {29},
	number = {4},
	doi = {10.1007/s40593-019-00187-x},
	url = {http://link.springer.com/10.1007/s40593-019-00187-x},
	langid = {en}
}

@misc{post-weblog,
	url = {https://about.zearn.org/research}
}

@inproceedings{jumaat2014,
	title = {2014 International Conference on Teaching and Learning in Computing and Engineering (LaTiCE)},
	author = {Jumaat, Nurul Farhana and Tasir, Zaidatun},
	year = {2014},
	month = {04},
	date = {2014-04},
	publisher = {IEEE},
	pages = {74--77},
	doi = {10.1109/LaTiCE.2014.22},
	url = {http://ieeexplore.ieee.org/document/6821832/},
	address = {Kuching, Malaysia}
}

@inproceedings{jumaat2014a,
	title = {2014 International Conference on Teaching and Learning in Computing and Engineering (LaTiCE)},
	author = {Jumaat, Nurul Farhana and Tasir, Zaidatun},
	year = {2014},
	month = {04},
	date = {2014-04},
	publisher = {IEEE},
	pages = {74--77},
	doi = {10.1109/LaTiCE.2014.22},
	url = {http://ieeexplore.ieee.org/document/6821832/},
	address = {Kuching, Malaysia}
}

@inbook{reiser2014,
	title = {Scaffolding},
	author = {Reiser, Brian J. and Tabak, Iris},
	editor = {Sawyer, R. Keith},
	year = {2014},
	month = {09},
	date = {2014-09-23},
	publisher = {Cambridge University Press},
	pages = {44--62},
	edition = {2},
	url = {https://www.cambridge.org/core/product/identifier/9781139519526%23c03325-3-1/type/book_part},
	note = {DOI: 10.1017/CBO9781139519526.005}
}

@techreport{knudsen2020,
	title = {Zearn Math Curriculum Study Professional Development final report},
	author = {Knudsen, Jennifer and Lundh, Patrik and Hsiao, Mindy and Saucedo, Daniela},
	year = {2020},
	month = {12},
	date = {2020-12}
}

@techreport{morrison2019,
	title = {Efficacy Study of Zearn Math in a Large Urban School District},
	author = {Morrison, Jennifer and Wolf, Betsy and Ross, Steven and Risman, Kelsey and McLemore, Caitlin},
	year = {2019},
	month = {04},
	date = {2019-04},
	url = {http://jhir.library.jhu.edu/handle/1774.2/62395},
	langid = {en}
}
